<?xml version="1.0" encoding="UTF-8"?><record xmlns="http://www.loc.gov/MARC21/slim" xmlns:cinclude="http://apache.org/cocoon/include/1.0" xmlns:zs="http://www.loc.gov/zing/srw/">
  <leader>00709nz  a2200169n  4500</leader>
  <controlfield tag="001">no2008136439</controlfield>
  <controlfield tag="003">DLC</controlfield>
  <controlfield tag="005">20080919082035.0</controlfield>
  <controlfield tag="008">080710n| acannaabn          |b ana     c</controlfield>
  <datafield tag="010" ind1=" " ind2=" ">
    <subfield code="a">no2008136439</subfield>
  </datafield>
  <datafield tag="035" ind1=" " ind2=" ">
    <subfield code="a">(OCoLC)oca07881786</subfield>
  </datafield>
  <datafield tag="040" ind1=" " ind2=" ">
    <subfield code="a">CtY-N</subfield>
    <subfield code="b">eng</subfield>
    <subfield code="c">CtY-N</subfield>
  </datafield>
  <datafield tag="110" ind1="2" ind2=" ">
    <subfield code="a">Hayʼah al-ʻĀmmah al-Sūrīyah lil-Kitāb</subfield>
  </datafield>
  <datafield tag="410" ind1="2" ind2=" ">
    <subfield code="a">هيئة العامة السورية للكتاب</subfield>
  </datafield>
  <datafield tag="410" ind1="2" ind2=" ">
    <subfield code="a">Syrian General Organization of Books</subfield>
  </datafield>
  <datafield tag="667" ind1=" " ind2=" ">
    <subfield code="a">Non-Latin script reference not evaluated.</subfield>
  </datafield>
  <datafield tag="670" ind1=" " ind2=" ">
    <subfield code="a">Min al-Andalus ilá Amirīkā, 2007?:</subfield>
    <subfield code="b">t.p. (الهيئة العامة السورية للكتاب = al-Hayʼah al-ʻĀmmah al-Sūrīyah lil-Kitāb) cover (The Syrian General Organization of Books)</subfield>
  </datafield>
</record>